@ARTICLE{Fleischmann1999,
     author    = "P. Fleischmann and  B. Haindl and R. Kosik and S.  Selberherr",
     title     = {{Investigation of a mesh criterion for three-dimensional finite element diffusion simulation}},
     journal   = "Simulation of Semiconductor Processes and Devices, 1999. SISPAD '99. 1999 International Conference on",
     year      = "1999",
     pages     = "71-74"
}

@ARTICLE{Arridge2000,
     author    = "S. R. Arridge and H. Dehghani and M. Schweiger and E. Okada",
     title     = {{The finite element model for the propagation of light in scattering media: a direct method for domains with nonscattering regions}},
     journal   = "Med Phys.",
     volume    = "27",
     issue     = "1",
     year      = "2000",
     month     = "Jan",
     pages     = "252-264",
}
@ARTICLE{Fang2004B,
  author    ="Q. Fang and P. M. Meaney and S. D. Geimer and A. V. Streltsov,and K. D. Paulsen",
  title     ={{Microwave image reconstruction from 3D fields coupled to 2D parameter estimation}},
  journal   ="IEEE Trans. Med. Imag.",
  volume    ="23",
  pages     ="475-484",
  month     ="Apr",
  year      ="2004"
}
@ARTICLE{Meaney2001a,
  author    ="P. M. Meaney and K. D. Paulsen and B. W. Pogue and M. I. Miga",
  title     ={{Microwave image reconstruction utilizing log-magnitude and unwrapped phase to improve high-contrast object recovery}},
  journal   ="IEEE Transactions on Medical Imaging",
  volume    ="20",
  pages     ="104-116",
  year      ="2001"
}
@ARTICLE{Joachimowicz1991,
  author    ="N. Joachimowicz and C. Pichot and J. P. Hugonin",
  title     ={{Inverse scattering: an iterative numerical method for electromagnetic imaging}},
  journal   ="IEEE Transactions on Antennas and Propagation",
  volume    ="39",
  pages     ="1742-1752",
  year      ="1991"
}
@ARTICLE{Paulsen1995,
  author    ="K. D. Paulsen and P. M. Meaney and M. J. Moskowitz and J. M. Sullivan Jr.",
  title     ={{A dual mesh scheme for finite element based reconstruction algorithms}},
  journal   ="IEEE Trans. Med. Imag.",
  volume    ="14",
  pages     ="504-514",
  year      ="1995"
}

@ARTICLE{Boyse1996,
  author    ="W. E. Boyse and A. A. Seidl",
  title     ={{A block QMRmethod for computing multiple simultaneous solutions to complex symmetric systems}},
  journal   ="SIAM J. Sci. Comput.",
  volume    ="17",
  pages     ="263-274",
  year      ="1996"
}
@TECHREPORT{ACS2004A,
  author    ="American Cancer Society",
  title     ={{Cancer Prevention {\&} Early Detection Facts {\&} Figures 2004}},
  publisher ="American Cancer Society",
  year      ="2004"
}
@BOOK{Vogel2002,
  author    ="C. R. Vogel",
  title     ={{Computational Methods for Inverse Problems}},
  publisher ="Society for Industrial {\&} Applied Mathematics",
  year      ="2002"
}
@ARTICLE{Liauh1993,
  author    ="C.- T. Liauh and R. G. Hills and R. B. Roemer",
  title     ={{Comparison of the Adjoint and Influence Coefficient Methods for Solving the Inverse Hyoperthermia Problem}},
  journal   ="J. of Biomechanical Eng.",
  volume    ="115",
  pages     ="63-71",
  year      ="1993"
}
@ARTICLE{Tao2003,
  author    ="T. Wu and A. Stewart and M. Stanton and T. McCauley and W. Phillips and D. B. Kopans and R. H. Moore and J. W. Eberhard and B. Opsahl-Ong and L. Niklason and and M. B. Williams",
  title     ={{Tomographic mammography using a limited number of low-dose conebeam projection images}},
  journal   ="Med. Phys.",
  volume    ="30",
  issue     ="3",
  pages     ="365-380",
  year      ="2003"
}
@ARTICLE{Grant1972,
  author    ="D. G. Grant",
  title     ={{Tomosynthesis: A three-dimensional radiographic imaging technique}},
  journal   ="IEEE Trans. Biomed. Eng.",
  volume    ="19",
  pages     ="20-28",
  year      ="1972"
}
@ARTICLE{Tao2004,
  author    ="T. Wu and J. Zhang and R. Moore and E. Rafferty and D. Kopans and W. Meleis and D. Kaeli",
  title     ={{Digital tomosynthesis mammography using a parallel maximum-likelihood reconstruction method}},
  journal   ="Proceedings of the SPIE",
  volume    ="5368",
  pages     ="1-11",
  year      ="2004"
}
@ARTICLE{Boas2001,
  author    ="D. Boas and T. Gaudette and S. Arridge",
  title     ={{Simultaneous imaging and optode calibration with diffuse optical tomography}},
  journal   ="Optics Express",
  volume    ="8",
  issue     ="5",
  pages     ="263-270",
  year      ="2001"
}
@ARTICLE{Haskell1994,
  author    ="R. C. Haskell and L. O. Svaasand and T. Tsay and T. Feng and M. S. McAdams and B. J. Tromberg",
  title     ={{Boundary conditions for the diffusion equation in radiative transfer}},
  journal   ="J. Opt. Soc. Am. A",
  volume    ="11",
  pages     ="2727-2741",
  year      ="1994"
}
@ARTICLE{Zhang2005,
  author    ="Q. Zhang and T. J. Brukilacchio and A. Li and J. J. Stott and T. Chaves and E. Hillman and T. Wu and M. Chorlton and E. Rafferty and R. H. Moore and D. B. Kopans and D. A. Boas",
  title     ={{Coregistered tomographic x-ray and optical breast imaging: initial results}},
  journal   ="J Biomed Opt",
  volume    ="10",
  issue     ="2",
  pages     ="024033",
  year      ="2005"
}
@ARTICLE{Li2005,
  author    ="A. Li and G. Boverman and Y. Zhang and D. Brooks and E. L. Miller and M. E. Kilmer and Q. Zhang and E. M. Hillman and D. A. Boas",
  title     ={{Optimal linear inverse solution with multiple priors in diffuse optical tomography}},
  journal   ="Appl Opt",
  volume    ="44",
  issue     ="10",
  pages     ="1948-1956",
  year      ="2005"
}

@ARTICLE{Pogue2001,
  author    ="B. W. Pogue and S. P. Poplack and T. O. McBride and W. A. Wells and K. S. Osterman and U. L. Osterberg and K. D. Paulsen",
  title     ={{Quantitative hemoglobin tomography with diffuse near-infrared spectroscopy: pilot results in the breast}},
  journal   ="Radiology",
  volume    ="218",
  pages     ="261-266",
  year      ="2001"
}
@ARTICLE{Ben2005,
  author    ="B. Brooksby and S. Jiang and H. Dehghani and B. W. Pogue and K. D. Paulsen and J. Weaver and C. Kogel and S. P. Poplack",
  title     ={{Combining near infrared tomography and magnetic resonance imaging to study in vivo breast tissue: implementation of a Laplacian-type regularization to incorporate magentic reasonance structure}},
  journal   ="J. Biomed. Opt.",
  volume    ="10",
  issue     ="5",
  pages     ="0515041-10",
  year      ="2005"
}
@ARTICLE{Gibson2005,
  author    ="A. P. Gibson and J. C. Hebden and S. R. Arridge",
  title     ={{Recent advances in diffuse optical imaging}},
  journal   ="Physics in Medicine and Biology",
  volume    ="50",
  pages     ="R1-R43",
  year      ="2005"
}
@ARTICLE{Boas2001a,
  author    ="D. A. Boas and D. H. Brooks and E. L. Miller and C. A. DiMarzio and M. Kilmer and R. J. Gaudette and Q. Zhang",
  title     ={{Imaging the body with diffuse optical tomography}},
  journal   ="IEEE Signal Process. Mag.",
  volume    ="18",
  pages     ="57-75",
  year      ="2001"
}
@ARTICLE{Arridge1999,
  author    ="S. R. Arridge",
  title     ={{Optical tomography in medical imaging}},
  journal   ="Inv. Problems",
  volume    ="5",
  pages     ="R41-R93",
  year      ="1999"
}
@ARTICLE{Dehghani2003,
  author    ="H. Dehghani and B. W. Pogue and S. P. Poplack and K. D. Paulsen",
  title     ={{Multiwavelength three-dimensional near-infrared tomography of the breast: initial simulation, phantom, and clinical results}},
  journal   ="Appl. Opt.",
  volume    ="42",
  pages     ="135-145",
  year      ="2003"
}
@ARTICLE{Hebden1997,
  author    ="J. C. Hebden and S. R. Arridge and D. T. Delpy",
  title     ={{Optical imaging in medicine: I. Experimental techniques}},
  journal   ="Phys. Med. Biol.",
  volume    ="42",
  pages     ="825-840",
  year      ="1997"
}
@ARTICLE{Pisano2005,
  author    ="D. E. Pisano et al",
  title     ={{Diagnostic Performance of Digital versus Film Mammography for Breast-Cancer Screening}},
  journal   ="New England Journal of Medicine",
  volume    ="353",
  number    ="17",
  pages     ="1773-1783",
  month     ="Oct",
  year      ="2005"
}
@ARTICLE{Ntziachristos2000,
  author    ="V. Ntziachristos and A. G. Yodh and M. Schnall and B. Chance",
  title     ={{Concurrent MRI and diffuse optical tomography of breast after indocyanine green enhancement}},
  journal   ="Proc Natl Acad Sci",
  volume    ="97",
  number    ="6",
  pages     ="2767ï¿½C2772",
  month     ="Mar",
  year      ="2000"
}
@ARTICLE{Shah2005,
  author    ="N. Shah and J. Gibbs and D. Wolverton and A. Cerussi and N. Hylton and B. J. Tromberg",
  title     ={{Combined Diffuse Optical Spectroscopy and Contrast-enhanced MRI for Monitoring Breast Cancer Neoadjuvant Chemotherapy: A Case Study}},
  journal   ="J. Biomed. Opt.",
  volume    ="10",
  number    ="5",
  pages     ="051503",
  year      ="2005"
}
@ARTICLE{Carp2006,
  author    ="S. A. Carp and T. Kauffman and Q. Fang and E. Rafferty and R. Moore and D. Kopans and D. Boas",
  title     ={{Compression-induced changes in the physiological state of the breast as observed through frequency domain photon migration measurements}},
  journal   ="Journal of Biomedical Optics",
  volume    ="11",
  number    ="6",
  pages     ="064016",
  year      ="2006"
}
@ARTICLE{FangSPIE2006,
  author    ="Q. Fang and D. A. Boas and G. Boverman and Q. Zhang and T. Kauffman",
  title     ={{Nonlinear image reconstruction algorithm for diffuse optical tomography using iterative block solver and automatic mesh generation from tomosynthesis images}},
  journal   ="Proceedings of SPIE",
  volume    ="6081",
  month     ="Feb",
  year      ="2006"
}
@PHDTHESIS{FangThesis,
  AUTHOR =       "Q. Fang",
  TITLE =        {{Computational methods for microwave medical imaging}},
  SCHOOL =       "Dartmouth College",
  YEAR =         "2004",
  type =         {{Ph.D.}},
  address =      "Hanover, NH, U.S.A.",
  month =        "Dec",
  file = F
}
@ARTICLE{Zhu2003,
  author    ="Q. Zhu and N. G. Chen and S. H. Kurtzman",
  title     ={{Imaging tumor angiogenesis using combined near infrared diffusive light and ultrasound}},
  journal   ="Opt. Lett.",
  volume    ="28",
  issue     ="5",
  pages     ="337-339",
  year      ="2003"
}
@ARTICLE{Wellman1999,
  author    ="P. S. Wellman and R. D. Howe",
  title     ={{The Mechanical Properties of Breast Tissues In Compression}},
  journal   ="Harvard BioRobotics Laboratory Technical Report",
  volume    ="99003",
  year      ="1999"
}
@BOOK{Fung1993,
  AUTHOR =       "Y. C. Fung",
  TITLE =        "Biomechanics: Mechanical Properties of Living Tissues, 2nd Edition",
  PUBLISHER =    "Springer Verlag, NY",
  YEAR =         "1993",
  file = F
}
@ARTICLE{Srinivasan2006,
  author    ="Subhadra Srinivasan and Brian W. Pogue and Shudong Jiang and Hamid Dehghani and Christine Kogel and Sandra Soho and Jennifer J. Gibson and Tor D. Tosteson and Steven P. Poplack and Keith D. Paulsen",
  title     ={{In Vivo Hemoglobin and Water Concentration, Oxygen Saturation, and Scattering Estimates from Near-Infrared Breast Tomography Using Spectral Reconstruction}},
  journal   ="Acad. Radiology",
  volume    ="13",
  issue     ="2",
  pages     ="195-202",
  year      ="2006"
}
@ARTICLE{Cerussi2001,
  author    ="Albert E. Cerussi and Andrew J. Berger and Frederic Bevilacqua and Natasha Shah and Dorota Jakubowski and John Butler and Randall F. Holcombe and Bruce J. Tromberg",
  title     ={{Sources of absorption and scattering contrast for near-infrared optical mammography}},
  journal   ="Acad. Radiology",
  volume    ="8",
  issue     ="3",
  pages     ="209-10",
  year      ="2001"
}
@ARTICLE{Durduran2002,
  author    ="T Durduran and R Choe and J P Culver and L Zubkov and M J Holboke and J Giammarco and B Chance and A G Yodh",
  title     ={{Bulk optical properties of healthy female breast tissue}},
  journal   ="Phys. Med. Biol.",
  volume    ="47",
  pages     ="2847-2861",
  year      ="2002"
}
@BOOK{ACR2003,
  AUTHOR =       "American College of Radiology",
  TITLE =        "American College of Radiology (ACR) Breast Imaging Reporting and Data System Atlas (BI-RADSï¿½0ï¿½3 Atlas)",
  PUBLISHER =    "Reston, VA",
  YEAR =         "2003",
  file = F
}
@BOOK{Zienkiewicz1989,
  AUTHOR =       "O. C. Zienkiewicz and R. L. Taylor",
  TITLE =        "Finite Element Method- Basic Formulation and Linear Problems, Vol. 1",
  PUBLISHER =    "McGraw-Hill Publ., New York",
  YEAR =         "1989",
  file = F
}
@BOOK{Golub1991,
  author    ="G. H. Golub and C. H. van Loan",
  title     ={{Matrix Computations}},
  publisher ="The Johns Hopkins University Press, Baltimore, MD",
  year      ="1991"
}
@ARTICLE{Hakim1996,
  author    ="T.S. Hakim and K. Sugimori and L. Ferrario",
  title     ={{Analysis of the double occlusion which provides four pressure gradients}},
  journal   ="Eur Respir J.",
  volume    ="9",
  pages     ="2578ï¿½C2583",
  year      ="1996"
}
@ARTICLE{Groothuis2003,
  author    ="J. T. Groothuis and L. van Vliet and M. Kooijman and M. T. E. Hopman",
  title     ={{Venous cuff pressures from 30 mmHg to diastolic pressure are recommended to measure arterial inflow by plethysmography}},
  journal   ="J. Appl. Physiol.",
  volume    ="95",
  pages     ="342ï¿½C347",
  year      ="2003"
}
@ARTICLE{Li2004,
  author    =" C. Li and H. Jiang",
  title     ={{A calibration method in diffuse optical tomography}},
  journal   ="J. Opt. A: Pure Appl. Opt.",
  volume    ="6",
  pages     ="844-852",
  year      ="2004"
}
@BOOK{Hugonin1990,
  author    ="J. P. Hugonin and N. Joachimowicz and C. Pichot.",
  title     ={{Inverse Methods in Action}},
  publisher ="Springer-Verlag, Berlin",
  year      ="1990"
}
@BOOK{Kay1993,
  author    ="S. M. Kay",
  title     ={{Fundamentals of Statistical Signal Processing: Estimation Theory}},
  publisher ="Prentice Hall PTR, NJ",
  year      ="1993"
}
